@article{HyFP,
	Abstract = {},
	Author = {Sanchez Gonzales Miguel A.},
	Journal = {REV. MED. CLIN.CONDES},
	Month = {February},
	Number = {2},
	Numpages = {6},
	Pages = {7-13},
	Title = {Historia y futuro de las pandemias},
	Volume = {32},
	Url = {},
	Year = {2021}}

